@misc{CookBook,
  author = {Petersen, K. B. and Pedersen, M. S.},
  title = {The Matrix Cookbook},
  url = {http://www2.imm.dtu.dk/pubdb/p.php?3274},
  year = 2008
}

@inproceedings{GP_general_01,
  title={Gaussian processes in machine learning},
  author={Rasmussen, Carl Edward},
  booktitle={Summer school on machine learning},
  pages={63--71},
  year={2003},
  organization={Springer}
}

@misc{GP_general_02,
	author = {Davis, Richard A.},
	title = {Gaussian Process: Theory},
	url = {https://onlinelibrary.wiley.com/doi/abs/10.1002/9781118445112.stat07472},
	eprint = {https://onlinelibrary.wiley.com/doi/pdf/10.1002/9781118445112.stat07472},
	year = {2014}
}
